@article{sample2024,
  author    = {Smith, John and Johnson, Mary},
  title     = {A Survey on Machine Learning Applications},
  journal   = {Journal of Computer Science},
  year      = {2024},
  volume    = {42},
  number    = {3},
  pages     = {123--145},
  month     = {March}
}

@inproceedings{method2023,
  author    = {Brown, Robert and Davis, Sarah},
  title     = {Novel Approaches to Data Processing},
  booktitle = {Proceedings of the International Conference on Data Science},
  year      = {2023},
  pages     = {456--467},
  publisher = {ACM},
  address   = {New York, NY, USA}
}

@article{future2024,
  author    = {Wilson, James and Taylor, Emily and Anderson, Michael},
  title     = {Future Directions in Computational Methods},
  journal   = {IEEE Transactions on Pattern Analysis},
  year      = {2024},
  volume    = {15},
  number    = {2},
  pages     = {78--92},
  doi       = {10.1109/TPAMI.2024.12345}
}
